2646 4494
547 380 569 408 s.
676 317 879 458 *n-

373 593 569 690 l'ostquam
591 590 709 689 Cyrus
736 585 886 666 ionibus
910 585 1131 662 mnffiaones
1157 613 1267 664 eanre-

270 725 353 796 «lere
376 721 574 813 reeusarit,
601 719 733 814 singuli
753 720 893 804 moenia
916 720 1181 814 communiunt,
1205 745 1266 792 om·

269 879 405 952 nesqne
429 855 466 924 in
481 851 692 924 Panionium
716 851 930 924 &anteriori
946 857 1088 948 praeter
1107 851 1267 943 Milesios,

269 983 482 1083 quibuscum
510 983 597 1055 solis
614 984 731 1081 Cyrus
755 973 884 1054 lordus
908 980 1044 1078 pepigit
1059 979 1182 1056 iisdem
1197 1007 1266 1053 eon·

268 1111 480 1206 ditionibus,
508 1111 640 1210 quibus
664 1115 830 1186 Croesus.
879 1109 1024 1209 Reliqui
1048 1133 1137 1186 vero
1162 1113 1268 1203 lones,

145 1244 148 1255 ’
268 1255 462 1343 postquam
489 1242 637 1316 oonsilio
664 1241 859 1316 vorstede
883 1263 1003 1315 rerum
1027 1250 1127 1325 statu
1150 1239 1268 1317 delibe-

268 1387 422 1470 rarunt,
474 1375 613 1469 legatos
652 1374 818 1472 Spartam
860 1371 1000 1447 mittere
1034 1371 1268 1465 decreverunt,
1297 1379 1298 1385 ’

267 1509 435 1580 auxilinm
468 1516 591 1578 eontra
617 1507 747 1576 Persas
774 1505 962 1601 petituros.
1013 1502 1268 1592 Lacedaemonii

267 1650 385 1707 autem
410 1634 578 1705 auxilium
604 1632 702 1704 {erre
728 1631 911 1704 nolebant.
961 1635 1139 1710 Miserunt
1163 1648 1269 1710 tamen

135 1855 138 1862 Ι
255 1767 421 1858 legates,
461 1762 523 1862 qui
554 1785 613 1832 res
646 1759 732 1858 Cyri
762 1759 953 1858 Ioniaeque
986 1765 1218 1862 explorarent
1233 1763 1270 1866 ¹),

265 1897 371 1970 lones
397 1895 532 1967 interea
559 1889 605 1962 de
640 1915 705 1994 spe
731 1887 851 1974 auxilii
876 1893 1012 1979 externi
1036 1894 1194 1993 decepti,
1236 1891 1271 1968 al

230 2065 233 2082 ·
266 2014 422 2126 pugnarn
448 2051 488 2097 se
514 2019 745 2116 aermgebant
771 2030 807 2091 et
832 2019 962 2114 singuli
981 2045 1021 2094 se
1036 2024 1148 2098 lones
1174 2051 1271 2125 prae·

37 2183 43 2196 ·
161 2239 172 2247 ἱ
263 2155 398 2228 bebant
438 2178 507 2249 pro
543 2153 658 2247 patria
692 2150 905 2264 dimieantes.
965 2151 1155 2253 Harpagus
1192 2181 1270 2230 vero

264 2281 415 2373 Medus,
450 2305 471 2351 a
499 2269 594 2380 Cyro
619 2279 657 2348 iu
683 2277 791 2352 urbes
819 2282 971 2376 missus,
1016 2282 1208 2380 aggeribus
1233 2284 1269 2356 al

262 2435 385 2482 muros
412 2407 560 2509 adjectis
586 2432 708 2481 omnes
734 2409 861 2482 evertit
888 2422 924 2483 et
948 2412 986 2484 in
1000 2417 1086 2514 Cyri
1109 2410 1268 2494 ‹fitionem

200 2616 203 2621 ,
263 2541 399 2636 redegit
415 2537 460 2641 ²).
505 2569 507 2576 '
843 2627 845 2636 ‚

362 2667 511 2742 Ionibus
545 2675 598 2746 sie
633 2671 762 2746 iterum
804 2672 917 2745 servis
950 2673 1054 2748 laetis
1091 2679 1266 2752 eonsilium

262 2799 385 2873 (latam
412 2811 498 2894 est,
539 2814 580 2875 ut
620 2803 737 2901 patria
768 2801 893 2876 relicta
923 2803 1121 2879 Sardiniam
1163 2810 1265 2884 elassa

263 2933 439 3006 communi
463 2943 645 3032 peterent3
686 2931 752 3004 sed
779 2959 995 3033 quamquam
1020 2935 1124 3010 nna
1150 2939 1188 3013 id
1211 2963 1263 3012 vo·

260 3061 395 3157 lebant,
422 3091 495 3138 non
521 3065 656 3137 laetum
683 3072 738 3134 est
755 3060 799 3160 ³).
851 3064 970 3159 Reges
985 3091 1117 3161 magno
1139 3067 1263 3142 tributo

260 3195 417 3268 eontenti
443 3191 800 3293 rerumpublicarum
825 3196 1025 3272 lonicorum
1053 3197 1187 3274 formas
1201 3221 1262 3270 non

259 3305 495 3400 mutaverunt.
563 3327 644 3400 lloe
669 3335 831 3427 tempore
853 3328 927 3403 duo
954 3329 1115 3428 Tyranni
1141 3326 1261 3429 Ephesi
