2646 4494
671 411 873 488 ...54-

267 629 382 721 Reges
421 621 473 694 illi
506 617 649 716 regibus
668 615 882 692 ¹saac'riiiculie
920 613 1268 722 (demoniacum

266 754 434 828 Romanis
464 753 662 854 Tarquinio
702 750 853 850 expulso
894 747 1012 822 clectis
1046 773 1120 842 „nc
1153 749 1270 824 nbinbi

263 885 363 979 regni
397 882 609 956 desiderium
648 881 798 986 essen?
839 865 944 952 ville
973 878 1104 951 similes
1142 893 1178 954 et
1208 907 1269 983 po·

263 1017 336 1086 tius
352 1011 563 1088 Sacerdotes
583 1037 691 1112 quam
713 1037 826 1106 reges
840 1009 952 1082 lirisee
972 1007 1148 1082 videntur.
1197 1011 1270 1083 lllis

264 1146 351 1220 solis
383 1167 567 1216 sacrorum
597 1144 735 1216 Cereris
767 1141 1039 1239 Eleusiniaequc
1069 1143 1306 1236 procuratio

264 1276 450 1349 commissa
475 1288 540 1348 est.
592 1275 731 1348 Nomen
756 1273 892 1369 regium
925 1295 1040 1371 usqne
1072 1269 1116 1343 ad
1142 1271 1272 1369 Ephesi
1304 1243 1306 1382 l

264 1420 424 1506 tempora
451 1407 691 1481 recentissima
719 1400 962 1504 permanebat,
990 1412 1032 1474 ut
1057 1427 1101 1475 ex
1125 1403 1272 1479 Achillis

262 1539 355 1608 Tatii
392 1535 514 1606 fabula
545 1537 590 1606 de
623 1535 805 1606 amoribus
838 1532 1081 1630 Clitoplmntis
1115 1545 1152 1607 et
1182 1536 1272 1606 Len·

261 1668 382 1760 cippes
409 1634 527 1755 colligi
543 1649 683 1757 'potest
759 1663 869 1757 Apud
894 1663 1006 1732 illum·
1023 1665 1115 1738 enim
1143 1666 1270 1738 inveni-

259 1815 339 1896 mus
362 1793 537 1894 judicium
570 1791 739 1875 πρόεδρον
773 1799 955 1891 tamquam
986 1808 1147 1887 egente
1178 1798 1271 1892 regia

246 1923 459 2024 'depictum,
486 1946 606 2025 penca*
624 1945 750 2022 quem,
785 1922 835 1994 ait
861 1923 1005 2019 Tatius,
1031 1949 1152 1997 rerum
1180 1931 1272 2027 eapi-

259 2059 382 2131 talium
403 2056 576 2155 judicium
603 2064 676 2146 cst,
703 2050 768 2126 aed
789 2054 859 2149 ita,
888 2064 929 2126 ut
950 2052 1143 2128 secundum
1158 2055 1275 2150 legem

259 2187 478 2261 consiliarios
505 2209 525 2255 e
550 2184 762 2268 γεραιτέρων
787 2211 935 2259 numero
962 2184 1031 2258 sibi
1058 2184 1186 2279 eligere
1212 2211 1272 2259 co·

217 2283 223 2308 ⁸
258 2328 363 2411 gutur
381 2313 423 2414 ¹).
475 2311 611 2394 Ibidem
644 2312 771 2385 Tatius
809 2313 900 2407 legis
924 2315 1141 2413 Ephesiacae
1170 2317 1271 2390 valde

257 2441 424 2520 notabilia
465 2443 678 2516 mentionem
717 2441 820 2537 facit,
845 2530 849 2540 ,
874 2469 966 2542 quae
990 2447 1047 2518 ita
1060 2515 1063 2526 ,
1076 2445 1269 2546 mandavit:

257 2601 324 2670 „se
344 2578 462 2674 ipsum
478 2598 648 2648 accusans
665 2572 792 2672 capitis
803 2571 1015 2646 damnator”
1033 2574 1093 2675 2).·
1127 2577 1268 2650 Perma-

257 2729 362 2798 gnam
402 2705 512 2778 fuisse
554 2705 699 2780 illorum
730 2706 975 2780 auctoritatem
1006 2705 1162 2780 dubitari
1201 2734 1267 2782 non

255 2845 396 2932 potest,
430 2861 503 2909 non
536 2835 643 2910 modo
677 2838 769 2910 enim
803 2835 1069 2934 Sacerdotium,
1104 2839 1168 2914 scd
1203 2838 1266 2914 snb

295 3166 305 3185 “
337 3175 438 3220 rerum
463 3119 658 3238 potiebantur
677 3157 770 3221 iidem
796 3159 926 3245 auguria
946 3162 1115 3249 tenebant,
1141 3165 1263 3229 utenin

338 3279 451 3342 sapere
458 3305 470 3347 ,
514 3260 562 3322 sic
593 3260 733 3326 divinare
761 3263 870 3348 regale
900 3262 1076 3358 ducebant,
1110 3275 1145 3330 ut
1175 3267 1262 3330 testis

337 3371 390 3429 ert
420 3372 528 3428 nostra
550 3363 664 3426 civitae
690 3364 722 3426 in
743 3383 805 3446 qua
838 3372 872 3428 et
900 3385 995 3449 reges
1019 3375 1051 3430 et
1076 3386 1213 3451 augures
1235 3373 1262 3430 ct

336 3476 448 3547 postea
469 3467 582 3548 privati
610 3464 722 3529 ecdem
745 3464 921 3529 sacerdotio
947 3467 1076 3549 praediti
1096 3469 1261 3550 rempubli-

336 3585 405 3629 cam
436 3558 617 3652 religidrm
640 3568 824 3632 auctoritate
845 3567 1010 3633 rexerintf’
1041 3571 1104 3634 via
1128 3571 1258 3634 Casani.

336 3669 367 3728 in
390 3669 493 3733 Strab.
517 3670 557 3734 od
578 3672 635 3734 loc.
686 3727 689 3744 ‚

280 3779 616 3851 unanimum
638 3782 756 3848 Badeo.
781 3783 1040 3870 nips.1776.p
1061 3788 1134 3853 608

276 3893 313 3966 2]
337 3891 417 3956 th.
441 3892 511 3955 Tac.
533 3911 564 3974 p.
588 3895 660 3956 610.
