2646 4494
661 393 862 472 ..49-

260 619 384 700 turos,
407 601 493 704 quid
518 601 563 675 ad
584 587 685 676 deam
709 597 916 702 placendum
941 597 1018 674 teri
1042 623 1136 698 opus
1163 603 1255 670 essct.

258 733 459 834 Respondit
485 733 613 838 Pythia

377 867 475 939 ,νεὼν
494 867 684 950 ἀναστῆσαι
712 864 773 932 md
791 865 955 952 κηδεῦσαι
978 863 1060 932 τοὺς
1078 858 1223 944 νεκρούς.

357 1009 583 1114 Pythagorae
617 1009 787 1083 successit
820 1007 994 1082 Pindarus
1013 1004 1074 1108 1),
1117 1001 1257 1080 Melania

198 1150 204 1161 '
256 1141 352 1214 filius
374 1149 410 1215 et
434 1139 590 1240 alyattis
616 1143 710 1235 regis
741 1166 865 1240 nepos.
921 1141 964 1211 In
994 1133 1173 1236 puniendo
1201 1134 1258 1206 du·

255 1297 339 1368 rus,
378 1268 626 1368 inexorabilis,
674 1272 738 1346 sed
763 1270 880 1346 'simul
912 1235 1125 1342 familiarum
1164 1263 1258 1338 valde

255 1405 399 1498 amansss
437 1401 676 1502 voluptatum
695 1401 854 1476 modicus
892 1398 1005 1474 inisse
1043 1399 1179 1493 fertur,
1229 1401 1259 1464 et

253 1561 301 1607 ne
352 1531 515 1604 barbaris
555 1535 709 1604 serviret
755 1532 871 1629 patria
924 1531 1073 1604 maxime
1118 1549 1258 1627 prospe-

252 1665 357 1737 xisse.
392 1663 547 1732 {nterea
565 1661 746 1752 Croesus,
785 1658 929 1730 Pindari
954 1658 1171 1754 avunculus,
1204 1657 1260 1726 im·

154 1842 156 1855 .
212 1840 216 1848 -
253 1790 392 1890 perium
430 1812 535 1861 suum
582 1789 620 1860 in
657 1788 742 1860 Asia
780 1785 1011 1884 extendebat,
1059 1789 1262 1886 Ioniamque

254 1929 414 1997 evertere
444 1921 633 2019 inceperat.
684 1919 732 1990 Et
763 1915 808 1990 ad
832 1917 1023 1993 Pindarum
1055 1919 1262 2014 legationem

164 2046 209 2174 ¹,
253 2053 368 2150 misit,
392 2053 589 2148 imperans,
617 2061 658 2122 nt
685 2047 867 2148 Ephesum
887 2043 956 2121 sihi
980 2047 1144 2121 traderet.
1196 2049 1264 2117 Ast

251 2211 338 2256 vero
363 2178 530 2273 Pindaro,
557 2179 594 2250 id
618 2178 811 2279 rejiciente,
837 2178 963 2253 urbem
992 2176 1132 2252 obsedit
1156 2177 1264 2249 Croe-

252 2339 334 2405 sus,
360 2308 558 2402 Pindarus,
584 2335 693 2408 quum
716 2309 845 2404 turris,
875 2332 968 2408 quae
992 2323 1118 2408 postca
1140 2308 1160 2376 ὁ
1185 2331 1262 2391 προ·

253 2445 353 2532 6όῷ
375 2437 553 2540 appellata
579 2447 653 2533 est,
680 2435 908 2534 concidisset,
932 2447 968 2510 et
983 2437 1159 2537 Ephesios
1181 2419 1261 2510 'diu

196 2586 200 2595 '
250 2573 323 2646 tius
354 2583 399 2646 se'
425 2569 613 2646 defendere
639 2595 713 2642 non
736 2593 866 2668 posse,
906 2571 1027 2664 ratus,
1067 2571 1110 2642 iis
1150 2569 1260 2643 eonsi-

250 2700 483 2796 lium‘dedit,
512 2712 553 2773 ut
576 2701 776 2779 universam
800 2699 943 2796 urbem,
974 2727 1019 2774 nc
1039 2687 1259 2799 diriperetur,

250 2831 383 2904 Dianae
417 2841 586 2932 tanquam
611 2834 775 2920 ἀνάθημα
793 2814 1064 2906 consecrarent
1119 2827 1260 2931 Ephesii

148 3029 161 3055 ¹,
250 2957 300 3038 dd
322 2963 493 3033 monitum
506 2939 593 3061 a(ejus
609 2971 737 3073 ,portas
760 2963 969 3062 moeniaque
990 2963 1164 3037 columnis
1181 2963 1259 3036 Dia·

128 3168 137 3185 ,
249 3117 318 3165 nae
344 3091 486 3188 templi,
521 3089 619 3190 quod
651 3089 697 3162 ab
730 3088 820 3164 urbe
845 3102 982 3192 septem
1016 3093 1258 3166 stadiadista·
1306 3083 1307 3086 ¹

111 3262 146 3294 ,-
194 3218 204 3247 ‘
249 3219 334 3318 bat,
357 3219 630 3321 conjunxerunt
681 3223 776 3296 Tam
800 3221 914 3324 Lydio
940 3225 1065 3298 victori
1085 3251 1131 3299 se
1156 3225 1256 3300 dede·

248 3363 345 3426 rnnt.
420 3353 576 3462 Cpoesus
600 3364 719 3428 autem
743 3363 955 3452 stratagema
985 3356 1125 3453 ridens,
1172 3368 1256 3432 tem·

249 3482 313 3581 plo
340 3485 517 3583 pepercit,
556 3496 594 3560 et
618 3470 771 3560 maara
799 3494 937 3558 tontum
961 3488 1113 3585 expulso
1142 3487 1255 3588 Ephe·

205 3675 207 3686 ,
248 3614 309 3685 siis
340 3612 464 3687 eet'cris
490 3615 689 3691 libertatem
718 3619 898 3717 permisit,
934 3644 1014 3692 eum
1045 3620 1160 3720 iisque
1183 3621 1254 3692 foe·

247 3741 318 3825 due
340 3744 476 3840 pepigit
493 3743 536 3844 1).
586 3747 782 3845 Pindarus,
818 3775 838 3826 c
862 3751 976 3850 patria
1001 3751 1194 3853 cxpidsus,
1222 3751 1255 3819 in

248 3878 501 3892 --d———u-——n-——u-n

273 3929 309 4004 1)
331 3929 453 3991 Aetion.
471 3947 537 3993 var.
558 3911 629 3994 uisa
645 3935 698 3996 111.
713 3936 763 3998 26
807 3935 956 4021 Polyaeu.
978 3939 1033 4003 Vt
1054 3938 1106 4001 50.
1139 3935 1252 4002 Herod.

326 4033 349 4093 1.
371 4033 422 4096 26.
466 4032 568 4096 Strab.
590 4035 680 4098 xlv.
700 4037 773 4098 948.
