2646 4494
475 377 678 454 ..Μ-

171 578 353 681 Lysander
386 592 522 678 autem,
565 572 779 690 quamquam
811 583 953 684 Epheso
990 591 1081 663 mul-

69 722 147 782 tum
160 711 352 809 profuerit,
380 739 423 787 eo
455 723 572 786 tamen
599 739 675 786 eam
703 716 853 788 maxima
877 717 1004 816 injuria
1030 719 1080 790 ai·

67 841 176 934 fecit,¹
217 840 315 941 quod
349 844 386 914 in
418 845 460 916 iis
488 846 635 940 gratiam
668 842 889 938 collocabat,⁴
933 849 994 944 qui
1020 873 1081 945 pa·

64 971 171 1042 triam
196 979 348 1070 tyranno
377 975 508 1046 servire
531 972 709 1048 ¹uolebant.
760 973 820 1046 nd
846 973 940 1046 hunc
958 974 1082 1070 tinem,
1123 1056 1125 1071 Ι
1155 965 1159 976 ’

62 1101 109 1168 iis
143 1101 185 1170 in
219 1100 382 1210 omnibus
417 1104 538 1177 Ioniae
571 1102 721 1176 urbibus
757 1102 919 1196 favebat,
956 1105 1083 1201 quise

62 1213 203 1302 animos
234 1240 402 1324 strenuos
426 1231 708 1356 ambitipsosqne
741 1231 910 1306 habentes
934 1231 1082 1329 praebc-

63 1359 154 1431 bant
181 1363 392 1445 παροξύνων
416 1365 573 1446 erotema
589 1365 818 1439 ξυνίστασὲιαι
836 1364 867 1444 ¹)
893 1372 930 1434 et
957 1365 1083 1462 cuique

65 1513 169 1586 spem
193 1469 350 1589 injiciens
372 1487 485 1588 ,plebe
508 1490 621 1562 fracta
644 1491 681 1562 in
705 1492 818 1588 patria
840 1493 1033 1594 regnandi„

166 1619 255 1694 Post
282 1620 367 1720 Cyri
389 1619 650 1717 expeditionem
677 1631 898 1722 mortemque
919 1621 1082 1720 Ephesus

63 1759 193 1828 iterum
214 1749 490 1849 a'l'issapherne
515 1759 688 1847 occupata
713 1762 797 1842 est,2
822 1753 885 1848 qui
907 1751 1082 1850 Ephesius
1220 1813 1228 1822 .

65 1869 316 1958 crudelissime,
337 1881 511 1973 mactarit
566 1877 651 1950 Non
686 1878 800 1951 multo
833 1891 938 1977 post,
972 1881 1082 1953 Athe·
1141 1927 1145 1938 ι

5 2021 9 2080 ¹.
65 2016 206 2088 nienses
232 2040 254 2084 a
280 2011 392 2082 XXX
418 2007 597 2084 dominata
623 2003 780 2099 liberati,
816 2005 1083 2108 Thrasybulum

2 2169 8 2208 ι
64 2121 228 2236 triginta
247 2135 397 2218 naubus
437 2136 618 2238 Ephesum
658 2137 830 2210 miserunt
846 2132 891 2236 2).
948 2135 1083 2213 Urbem

2 2326 4 2338 ι
64 2301 112 2348 ex
138 2269 279 2345 duabus
305 2266 467 2366 partibus
501 2293 688 2366 aggressus
717 2278 793 2363 est3
823 2291 905 2342 cum
930 2269 1084 2340 ὁπλίταις

3 2455 4 2460 1
63 2413 204 2503 partem
230 2397 329 2472 urbis
356 2400 590 2497 posteriorem
615 2425 660 2471 ex
685 2398 856 2491 Corisso‚
884 2425 964 2470 cum
982 2397 1081 2494 jacu-

64 2530 242 2617 latoribus
287 2538 405 2598 autem
434 2541 472 2600 et
506 2530 678 2612 ἐπιβάταις
720 2553 764 2600 ex
806 2551 929 2624 campo
976 2525 1083 2616 (inter

66 2667 257 2764 Caystrum
283 2655 430 2731 fluvium
453 2666 491 2727 et
512 2656 651 2756 muros)
677 2669 811 2730 ceteras
836 2655 936 2730 urbis
962 2669 1081 2760 partes

65 2792 247 2886 invadens.
310 2785 571 2888 Tissaphernes
597 2789 734 2862 Dianae
778 2789 946 2862 auxilium
986 2790 1081 2882 tulit,

67 2933 104 2996 et
131 2918 344 3022 Syracusani
374 2917 630 3018 Sehnnntiique
646 2918 823 3016 ¹Ephesiis
853 2920 901 2990 ¹iu
925 2918 1081 2992 Correso

68 3059 338 3143 succurrerunt,
364 3061 401 3122 et
416 3050 649 3124 Athenienses
672 3046 723 3120 ibi
748 3048 890 3142 fugatos
917 3046 962 3119 ad
986 3074 1102 3122 marc

69 3182 187 3254 secuti
210 3189 304 3252 sunt.
354 3179 492 3252 Deinde
516 3182 590 3254 suis
617 3181 716 3264 παρὰ
735 3183 774 3248 τὸ
796 3181 870 3246 ἕλος
895 3181 1080 3275 pugnanti·

66 3309 137 3384 bus
165 3333 269 3409 opem
294 3307 455 3382 tulerunt
480 3315 516 3385 et
540 3306 589 3380 ibi
615 3333 759 3408 qnoque
786 3305 1018 3396 Athenienses
1034 3307 1080 3384 'in

97 3633 132 3708 1)
156 3631 268 3694 Plut.
261 3652 292 3694 m
312 3631 453 3714 Lysand
475 3629 513 3693 3.

94 3744 132 3821 3)
154 3745 338 3808 Plutarch'
331 3765 362 3806 m
383 3744 514 3808 Alcibid.
535 3745 573 3805 11.
596 3763 625 3824 p.
647 3744 698 3808 61
749 3693 894 3825 Xenoph.
917 3745 1037 3808 Heben.
1056 3742 1078 3802 1.

152 3847 183 3910 2
203 3845 332 3910 6-13.
376 3847 417 3910 ct.
437 3847 561 3910 Diodor
582 3845 647 3934 Sio
669 3847 754 3911 xur.
779 3845 806 3914 ἃ.
832 3845 862 3911 δ
