2646 4494
667 373 939 450 ..ne-¹

175 587 179 600 ”
232 578 522 693 ‚studosissimi
550 575 665 674 igitur
697 605 816 658 rerum
854 607 1026 658 novaram
1060 584 1145 660 heti
1182 603 1276 682 sunt,

267 722 303 788 et
327 737 411 784 mox
437 711 657 784 occasionem
682 711 801 811 adepti
827 728 923 794 sunt.
974 716 1174 810 Histiaeus,
1215 717 1279 790 Mi-

266 845 329 919 uc
356 852 550 940 tyrannus,
582 841 644 939 qa
669 811 760 919 'ain
782 844 929 919 nasum
954 834 976 916 'a
1001 845 1099 920 cuae
1123 848 1278 922 suaa-

265 978 316 1049 vit
334 971 387 1074 1),
413 971 511 1072 quod
536 975 766 1070 tyrannorum
790 975 921 1048 amicus
949 988 1065 1071 esset,
1098 1001 1198 1050 nunc
1225 1003 1276 1052 ca·

150 1204 156 1215 Ι
264 1106 461 1205 ptivitatem
490 1125 591 1174 suam
617 1101 713 1198 apud
738 1127 857 1197 regem
884 1129 988 1200 aegre
1011 1107 1152 1202 ferens,
1197 1105 1279 1182 Ari·

266 1251 461 1335 stageram,
508 1241 775 1329 procuratore]
815 1259 920 1308 suum
963 1235 1009 1310 ad
1046 1237 1278 1326 detectionem

139 1395 140 1402 ¹
266 1369 442 1442 sollicitat.
507 1361 737 1458 Aristagoras
759 1364 884 1478 igitur,
921 1363 1069 1442 Ionibus
1102 1365 1278 1442 libertatis

207 1518 216 1547 ¹
263 1527 327 1598 spe
362 1485 549 1584 excitatis,
601 1503 771 1592 tyrannos
791 1517 794 1526 ’
812 1521 857 1566 ex
885 1505 961 1570 tota
993 1498 1093 1573 Ionia
1128 1497 1278 1596 expulit

262 1626 414 1713 Deinde,
454 1630 492 1689 et
521 1641 587 1688 sua
619 1630 798 1715 potestate
826 1621 1012 1720 abdicans,
1047 1627 1229 1702 'auxilium
1259 1649 1277 1696 a

262 1755 470 1840 Gleooene,
494 1747 622 1820 Laced.
646 1774 747 1843 rege,
772 1751 871 1846 peut
921 1754 1191 1830 Lacedaemonii
1219 1781 1276 1828 au·

263 1898 335 1959 tem
360 1885 488 1956 iterum
514 1879 552 1952 id
568 1877 799 1953 recusabant
851 1881 946 1956 Tum
971 1884 1016 1958 ad
1039 1884 1277 1961 Athenienses

130 2062 136 2071 ·
263 2034 303 2089 sc
338 2013 506 2106 contulit,
560 2032 695 2113 eosprc
735 2009 838 2084 t’acile
875 2013 913 2086 iu
947 2015 1150 2088 societatem
1190 2012 1279 2087 belli

260 2155 386 2218 contra
401 2143 531 2214 Persas
547 2140 717 2212 conduxit
734 2137 787 2239 2.).
814 2137 1047 2222 Athenienses
1067 2169 1142 2222 ¹nou
1156 2142 1276 2217 multo

262 2283 346 2372 post
371 2272 493 2364 viginti
528 2268 676 2340 navibus
710 2269 1028 2368 adAristugoram
1053 2299 1183 2348 venere
1192 2325 1214 2369 ,.
1242 2283 1276 2346 et

262 2428 332 2476 una
357 2427 438 2474 cum
464 2399 506 2471 iis
527 2396 766 2491 Eretrienses,
791 2401 1013 2478 Milesiorum
1037 2405 1142 2499 socii,
1171 2403 1271 2504 quin·

167 2609 170 2614 Δ
258 2518 332 2632 Ι(Ῑιιο
358 2527 574 2605 triremibus.
916 2532 919 2544 '

184 2714 188 2724 .
213 2657 226 2670 “
362 2663 439 2734 Hac
465 2660 578 2734 classe
598 2662 827 2757 Aristagorae
849 2664 977 2740 fratres
994 2667 1187 2766 Ephesum
1213 2687 1270 2736 na·

118 2790 122 2799 ’
236 2852 240 2863 .
262 2791 439 2887 vigebunt,
460 2789 683 2891 navibusque
697 2794 792 2891 apud
807 2796 997 2871 Corresum
1012 2797 1158 2891 relictis,
1178 2823 1268 2870 sum·

261 2927 404 3033 ptisque
443 2919 594 2995 ducibus
631 2921 811 3022 Ephesiis,
855 2926 1115 3024 expeditionem
1147 2937 1268 3002 contra

259 3053 389 3128 Sardes
431 3053 613 3146 fecerunt,
658 3053 855 3128 secundum
895 3054 1041 3131 fluvium
1080 3059 1266 3158 Caystrum

259 3185 420 3283 profecti.
476 3181 651 3258 ¹Sardibus
689 3187 801 3282 captis
834 3187 1056 3288 incensisque
1089 3187 1264 3285 Ephesum

258 3299 381 3390 versus
407 3314 566 3388 redeunt.
617 3317 748 3388 Persae
774 3321 890 3390 auteur
918 3343 980 3392 eos
1007 3321 1205 3412 consecuti,
1230 3322 1262 3386 et

259 3471 371 3546 prope
385 3446 577 3547 ‘Ephesum
600 3449 694 3521 nacti
721 3449 757 3520 in
783 3445 903 3542 fugam
927 3458 1093 3543 vertunt,
1117 3450 1259 3521 multos·

256 3613 504 3630 Μ

283 3667 321 3803 'n
344 3727 497 3794 neris.
521 3730 590 3796 137:
614 3729 725 3822 vso.
810 3677 822 3684 '⁵
881 3747 893 3760 ·
968 3779 970 3786 ,

281 3871 318 3939 2)
341 3865 456 3928 Herod.
477 3869 532 3931 tv.
554 3870 605 3932 97.
628 3873 667 3934 V.
692 3871 742 3933 39.
