2646 4494
470 401 522 420 ..
545 359 599 437 aa
621 403 673 420 ...
765 323 768 330 ’

61 569 188 668 Cyme
214 565 320 660 enim,
353 570 513 668 Astyage
530 593 611 650 ,avo
635 571 752 662 vieto,
785 568 974 670 Mediaque
995 577 1074 664 uni-

57 722 174 770 versa
203 698 240 770 in
268 696 486 770 deditionem
516 719 619 768 snam
648 698 792 772 redaeta
810 698 841 798 ¹)
866 711 903 772 et
928 704 1076 803 Lydiam
1190 725 1200 732 ·

57 829 223 926 invasit,
276 837 385 926 atque
425 850 519 899 anno
548 823 634 900 557.
666 829 854 903 Croesum'
872 834 991 930 ipsum
1023 838 1075 908 vi-

57 960 112 1030 oit
129 954 173 1058 2).
234 959 375 1060 Cyrus,
407 983 518 1056 quum
549 959 702 1056 primum
728 960 877 1061 Lydiam
908 965 1077 1040 invadere

55 1092 268 1183 statuisset,
316 1087 528 1184 legationem
568 1089 606 1159 in
640 1091 745 1163 Iones
777 1093 940 1189 miserat,
979 1106 1022 1166 ut
1053 1107 1100 1168 a‘

55 1221 199 1295 Croeso
224 1221 437 1313 deficerent,
469 1231 606 1317 petens.
668 1222 774 1292 lones
799 1209 936 1318 antem,
964 1225 1074 1299 Croe-

3 1331 5 1344 ’
53 1371 146 1424 sum
174 1353 360 1442 timentes,
406 1349 641 1422 eonditionem
672 1347 830 1420 oblatam
862 1353 1075 1451 rejecerunt.

47 1455 183 1570 ¹Quum
212 1487 330 1554 antem
353 1481 516 1562 nuntium
547 1480 594 1553 de
619 1480 704 1580 Cyri
734 1481 890 1554 victoriis
918 1485 1074 1582 aooepis-

52 1623 163 1706 sent,
191 1611 328 1707 legatos
354 1611 484 1686 Sardes
503 1612 548 1684 ad
574 1612 709 1713 Cyrum
733 1613 923 1710 miserunt,
951 1617 1074 1691 volen-

52 1754 115 1816 tes
149 1743 272 1818 iisdem
308 1743 574 1818 conditionibus
606 1767 758 1840 paruere
781 1744 901 1844 Cyro,
941 1745 1074 1845 wihus

52 1875 166 1946 etiam
191 1877 327 1950 Croeso
351 1881 553 1975 paruerant·
611 1874 663 1941 At
687 1897 772 1942 vero
797 1875 933 1972 Cyrus,
975 1873 1074 1976 quod

3 2025 4 2030 ’
52 2005 280 2079 conditiones
304 2006 445 2100 priores
467 1997 650 2072 admittere
666 1999 873 2096 noluerant,
899 2007 943 2080 iis
968 2005 1073 2080 valde

3 2122 5 2160 ³
49 2135 191 2223 iratus,
234 2157 359 2204 eorum
390 2127 622 2230 petitionibus
661 2157 734 2204 non
770 2137 964 2229 concessit,
1007 2136 1072 2212 sed
1189 2126 1194 2137 ¹

52 2260 219 2332 fabulam
250 2261 294 2334 ad
328 2262 473 2353 illorum
500 2261 673 2356 ignaviam
697 2262 984 2364 exprobrandam
1010 2291 1071 2340 oo·

49 2416 132 2462 ram
158 2391 284 2486 legatis
308 2395 464 2466 narravit
482 2391 526 2492 3).

157 2518 218 2593 Ab
245 2522 322 2594 aliis
346 2549 498 2626 quoque
526 2521 730 2617 reprehensi
756 2531 840 2589 sunt
864 2522 990 2614 Ionos,
1030 2535 1072 2596 nt

51 2653 115 2750 qui
142 2649 461 2750 semper-tempori
485 2650 684 2719 oederent'
721 2648 861 2743 Lamia,
901 2655 1069 2729 meretrix

51 2782 196 2877 Attiea,
222 2783 339 2854 fertur
355 2780 488 2852 dixisse
501 2779 536 2845 oi
557 2781 593 2845 ἐκ
614 2785 674 2862 τῆς
694 2781 862 2850 Ἑλλάδος
881 2786 1014 2852 λέοντες
1034 2791 1070 2854 ἐν

51 2917 196 3003 Ἐφέσῳ
218 2915 402 3000 γεγόνασιν
419 2909 592 2980 ἀλώπεκες
608 2904 652 3008 4).
671 2965 681 2978 ,
704 2907 796 3011 Tale
812 2908 989 3002 ingenium
1005 2911 1068 2982 ha·

50 3043 175 3115 huisse
198 3041 374 3140 Ephesios
399 3039 502 3113 facile
528 3048 583 3112 est
608 3038 655 3110 ad
681 3032 917 3132 eredendum,
956 3066 1067 3138 quum

3 3203 5 3230 ι
49 3173 180 3245 divites
205 3184 345 3266 essent,
372 3169 530 3268 undique
554 3167 601 3239 ah
627 3169 792 3260 hostibus
820 3171 987 3244 arefiet
1009 3171 1064 3242 in·

51 3302 247 3397 firmiores,
273 3327 382 3404 quam
408 3310 450 3373 ut
474 3267 540 3370 sue
563 3299 603 3370 ui
625 3319 666 3372 se
691 3297 881 3378 detondere
904 3309 1064 3396 possent.

82 3515 116 3587 l]
136 3515 252 3577 Herod.
273 3520 296 3579 1.
319 3515 392 3580 129.

78 3631 115 3703 2]
138 3628 252 3715 Herod.
275 3631 300 3690 1.
320 3629 370 3690 76.

79 3740 116 3816 3)
138 3740 253 3802 Herod.
271 3739 353 3802 Clio.
377 3740 447 3802 141.

79 3857 116 3928 4)
138 3852 257 3916 Aeliae.
279 3851 385 3916 variae
406 3851 553 3915 historiae
573 3851 659 3914 tht.
680 3851 710 3913 9.
777 3899 782 3905 .

69 4065 90 4110 0
