2646 4494
446 361 645 440 att-

46 575 102 646 Ee
135 569 264 670 Ephesi
295 547 498 670 primordiis
541 571 672 643 multae
701 569 871 646 historiae·
897 574 1073 651 traditae‘

45 713 304 799 suntpparum
328 705 420 774 inter
444 727 484 772 se
509 699 772 772 convenientes
824 704 949 803 Neque
971 706 1046 780 ulla

43 829 173 903 harum
211 831 452 903 narrationum
500 814 686 902 ohscurior
718 839 795 922 est,
844 857 950 929 quam
965 835 1043 906 Ma·

42 958 132 1054 laci,
184 962 277 1055 libro
328 958 372 1032 de
426 957 652 1056 Siphniornm
704 957 834 1032 finibus
853 956 915 1060 ¹),
973 987 1049 1059 quo

41 1088 169 1184 tradit,
196 1090 392 1166 Samiorum
414 1117 555 1184 servos,
581 1115 728 1164 numero
752 1089 867 1184 mille,
894 1087 1050 1164 rebelles

39 1222 98 1292 in·
123 1233 276 1298 montem
321 1224 521 1312 (Ἄμπελον)
562 1218 709 1291 abiisse
734 1229 770 1289 et
804 1218 940 1293 Samios
980 1247 1047 1322 per

8 1374 108 1442 ,sex
156 1371 268 1425 annos
322 1348 490 1443 grauibus
533 1348 667 1418 damnis
695 1344 890 1422 ‚affecisse
976 1351 1049 1431 Sed

36 1489 171 1575 postea
210 1501 357 1569 servos,
399 1491 510 1574 quum
553 1474 676 1567 Samii,
737 1474 872 1548 oraculi
911 1481 1049 1554 monitu

35 1607 183 1678 illaesos
208 1605 437 1699 dimisissent,
472 1632 515 1678 ex
548 1601 663 1676 insula
694 1600 843 1680 nasibus
869 1577 1074 1708 egressoq-
1125 1685 1128 1692 ,

19 1734 222 1832 'Ephesum
246 1735 409 1834 petiisse,
444 1739 504 1806 nui
524 1739 561 1805 ἐκ
581 1736 728 1816 τούτων,
752 1733 868 1830 addit,
895 1740 1051 1826 tybrum

37 1871 76 1939 oi·
92 1872 256 1958 Ἐφέσιοι.

140 2000 194 2071 De
219 2008 392 2091 tempore,
419 2017 494 2090 qno
517 1999 645 2064 coorta
665 1999 720 2060 est
745 1988 868 2062 seditio
893 1991 974 2088 illa,
993 1996 1046 2066 ni·
1125 2009 1130 2014 ’

8 2104 11 2141 ⁵
36 2129 87 2200 hil
113 2127 235 2198 haheo.
255 2121 355 2222 quod
383 2118 529 2214 addam,
563 2145 634 2238 ‘nee
665 2121 738 2192 seio
773 2142 818 2189 an
843 2119 936 2192 alius·
958 2125 1052 2196 sori·—

8 2251 9 2273 ³
35 2271 126 2356 ptor
160 2254 237 2352 ejus
269 2251 480 2323 mentionem
508 2251 639 2324 feeerit.
714 2249 875 2322 Panoiha
901 2252 1053 2350 quidem¹

8 2371 11 2401 i
35 2390 72 2457 in
98 2369 223 2455 libello
249 2365 321 2474 ‚pie
346 2377 452 2450 rebus
477 2371 628 2451 Samiis-’⁹
656 2405 732 2453 eam
757 2392 935 2480 tempore,
970 2409 1052 2480 quo

8 2492 9 2514 i
38 2513 207 2588 Geomori
243 2511 426 2609 imperium
457 2495 625 2584 iri-Samo
653 2507 839 2602 tenebant,
886 2521 1051 2583 coortam'

38 2671 117 2718 esse
142 2629 264 2742 putat,
297 2639 361 2710 sed
385 2635 505 2708 nullos
533 2649 642 2710 testes
668 2634 849 2711 adducere
865 2640 983 2737 potuit
1009 2653 1045 2714 et

37 2775 181 2847 omuino
207 2772 383 2842 incertum
404 2765 581 2866 relinquit.
848 2757 854 2766 ¹

139 2901 265 2998 Neque
292 2923 313 2969 a
334 2896 485 2970 Malaeo‘
500 2907 638 2970 tantum
662 2895 779 2975 honor
799 2897 930 2996 Ephesi
956 2917 1054 2972 oon-‘1
1086 2879 1092 2893 ’

37 3032 131 3105 ditae
158 3030 282 3102 Samiis
308 3027 500 3100 attributus
526 3039 590 3100 est.
641 3028 864 3130 Creophylus
885 3025 1054 3130 (virsa-1

37 3165 129 3233 mius
148 3185 269 3258 saepe
300 3184 321 3229 a
355 3155 531 3228 Strabone
570 3157 751 3258 laudatus)
785 3160 893 3231 etiam
932 3160 1054 3232 tradit·

39 3291 211 3362 ooloniam
244 3287 392 3361 eSamo
421 3286 600 3385 Ephesum
631 3287 826 3384 profectam
856 3314 960 3382 esse,
1003 3298 1053 3360 et·

37 3416 85 3489 ihi
109 3417 235 3492 urbem
260 3418 467 3489 condidisse.
525 3417 656 3489 Narrat
681 3417 772 3492 enim
795 3417 926 3515 Ephesi
955 3441 1054 3489 eon·-

38 3545 186 3643 ditores,
208 3547 414 3657 dubitantes
442 3571 514 3648 quo
542 3547 579 3618 iu
603 3544 682 3620 loeo
709 3545 920 3620 aedificanda
946 3558 1039 3623 esset

62 3830 98 3905 4)
121 3830 368 3914 Malaousapud
390 3831 595 3908 Athenaeum.
616 3830 671 3893 VI.
694 3827 764 3904 267.
