2646 4494
472 397 676 472 ³49⁵.-
791 422 795 432 .

60 637 136 714 que
171 603 396 704 oeddnnt1).
449 607 546 678 Tum
577 605 753 703 proelium
784 606 908 685 navale
940 605 984 678 ad
1003 608 1077 681 'La-

60 743 148 816 dam
183 736 411 812 commissum
439 747 515 831 est,
551 747 589 808 et
616 732 763 809 ionibus
795 736 915 829 vietis,
950 737 1079 810 Persae

61 871 228 947 Miletum
247 879 365 940 terrae
383 867 543 967 marique
568 866 732 938 suffossis
758 867 888 960 muris,
913 861 1079 967 omnique
1116 939 1121 952 ,

59 1025 192 1096 genere
217 1007 475 1077 tormentorum
503 995 667 1089 admoto,
698 993 882 1091 obsident,
918 1007 956 1070 et
982 1000 1017 1070 vi
1043 1009 1081 1070 et

59 1130 173 1204 armis
200 1136 347 1226 'captam
377 1126 602 1224 diripuerunt
642 1125 943 1227 incenderuntque
975 1137 1079 1200 sexto

57 1283 157 1333 anno
182 1267 270 1356 post
294 1259 527 1353 Aristagorae
553 1255 786 1330 deiectionem
801 1252 847 1356 ²).
1127 1335 1130 1342 ¹

164 1393 215 1464 At
238 1386 315 1460 ¹hoa
344 1399 506 1485 tempore
530 1384 663 1482 Ephesi
689 1385 805 1479 gioria
835 1388 987 1457 maxima
1015 1387 1079 1458 ini·
1215 1369 1219 1376 ¹

59 1524 161 1596 tium·
179 1517 281 1618 oepit.
329 1521 426 1591 Ante
448 1515 613 1591 Miletum
637 1516 728 1588 enim
753 1527 892 1616 captam
915 1514 1080 1623 Ephesus

59 1652 234 1748 dignitate
258 1650 406 1728 inferior
425 1656 515 1743 erat,
542 1657 670 1745 postea
704 1646 820 1745 prima
843 1644 933 1718 urbs
959 1649 1082 1720 Ioniae

7 1823 8 1826 π
58 1784 158 1856 i'aeta
171 1789 237 1856 est.
277 1779 416 1870 Multae
442 1802 570 1853 enneae
593 1776 639 1851 ad
666 1800 744 1849 eam
771 1776 968 1869 aagendam
992 1801 1081 1851 eon·

7 1933 13 1974 ‘2-
60 1915 312 2012 spiraverunt,
334 1907 399 1984 sed
425 1907 526 1979 nuiia
552 1907 694 2000 gravior
715 1915 812 2001 erat,
846 1931 955 2003 quam
985 1904 1081 1978 bella

7 2037 14 2106 i
60 2045 251 2137 continua,
284 2062 378 2138 quae
410 2035 458 2110 ob
493 2035 668 2111 Sardes'
657 2060 819 2112 mensas
850 2038 943 2108 inter
967 2033 1079 2110 Athe·

7 2203 11 2236 t
57 2195 128 2241 nas
152 2173 358 2269 Persasque
392 2175 472 2240 orta
506 2179 601 2242 sunt.
626 2168 728 2240 Ionia
753 2168 847 2245 enim
871 2165 990 2262 magni
1021 2188 1079 2238 aa*

7 2311 10 2366 i
60 2300 208 2373 stimate
242 2296 287 2370 ab
315 2294 487 2372 ambabus
514 2296 701 2398 gentibus,
734 2311 770 2372 et
793 2297 958 2404 Ephesus
985 2323 1081 2371 nune

59 2427 207 2504 urbium
231 2429 430 2508 loniearnm
454 2435 626 2527 maxima,
666 2426 872 2505 celebritate
897 2427 1081 2503 hominum

62 2573 100 2635 et
133 2561 351 2634 Graecorum
388 2573 425 2633 ot
463 2561 655 2634 Persarum
694 2572 797 2634 aneta
822 2569 888 2632 est.
932 2559 1080 2630 Ioniaa

63 2690 180 2786 magni
207 2691 301 2785 regis
334 2690 488 2788 satrapis
514 2689 846 2785 administrabatur,
869 2690 933 2790 qui
957 2701 1079 2793 tyran·
1149 2725 1153 2733 ·

65 2843 133 2891 nos
159 2821 197 2891 in
229 2817 378 2914 singulis
404 2817 555 2894 urbibus
582 2818 840 2895 sustentabant.
891 2821 1077 2920 Tyranno·

62 2975 142 3024 rum
167 2951 276 3047 igitur
299 2951 502 3027 fautoribus
525 2951 912 3054 imperium'Persieum
937 2960 1079 3048 gratum

64 3089 161 3174 erat,
186 3081 344 3180 populus
371 3081 488 3160 autem
515 3085 711 3188 tyrannidis
738 3081 925 3181 impatiens
953 3080 1078 3154 oeulos

62 3211 102 3282 in
126 3207 284 3286 Athenas
310 3213 447 3289 defixos
476 3214 640 3310 tenebat,
675 3225 783 3314 atque
803 3211 886 3286 inde
909 3209 1077 3284 auxilium

64 3339 248 3440 sperabat·
308 3346 399 3419 Post
432 3342 611 3419 Mardonii
652 3343 697 3414 ad
734 3341 900 3442 Mycalen
941 3339 1077 3412 cladem

65 3467 171 3572 (479)
197 3471 432 3552 Athenienses
447 3476 586 3549 'Ionum
610 3470 810 3549 libertatem
837 3493 857 3544 a
876 3471 967 3571 jugo
989 3469 1074 3546 Per·
1114 3497 1121 3510 ⁸

93 3721 127 3848 i)
146 3773 265 3838 Herod.
287 3775 328 3839 V.
353 3773 423 3840 100.

91 3885 127 3960 2)
147 3885 264 3952 Herod.
285 3886 341 3953 VI.
367 3887 415 3951 15.
439 3887 488 3951 18.
