2646 4494
669 380 872 458 ..50...

266 589 339 662 sico
365 589 501 680 exigere
526 587 755 683 inceperunt,
790 555 896 686 quam
928 597 1014 687 post
1040 591 1184 690 trigipto
1213 617 1260 663 an·
1297 557 1298 646 l

265 742 330 796 nos
353 717 533 792 eouseeuti
554 729 647 788 suut
699 723 937 812 Artaxerxes,
961 718 1073 792 classe
1094 745 1113 789 a
1133 720 1263 794 Cimone
1297 713 1298 752 n

264 847 374 940 vieta,
406 848 444 918 in
471 871 594 944 pacem
620 851 725 922 etiam
749 850 923 924 famosam
952 850 1048 942 iniit,
1086 873 1157 948 qua
1184 847 1263 922 loni·

263 975 331 1050 hus
359 975 558 1052 libertatem
591 1003 863 1074 concessurum,
904 991 940 1054 et
973 1005 1090 1079 neque
1121 981 1158 1048 in
1181 1001 1264 1048 mare

262 1110 384 1202 Aegeo
412 1133 492 1180 eum
519 1107 694 1182 classibus
719 1111 988 1204 navigaturum,
1015 1134 1132 1208 neque
1159 1105 1265 1202 copias

263 1241 355 1310 intra
386 1238 493 1309 trium
521 1237 656 1312 dierum
679 1241 805 1316 itinera
837 1237 884 1310 ah
911 1264 975 1312 oro
1004 1265 1044 1310 se
1076 1237 1265 1344 ducturum,

167 1431 172 1440 .
263 1366 440 1466 pollicitus
459 1376 524 1440 cst
548 1368 651 1444 Bello
678 1369 981 1470 Peloponnesiaco
1006 1368 1106 1444 lenia
1131 1393 1152 1438 a
1172 1369 1266 1440 Grac·

264 1498 314 1570 eis
341 1509 402 1569 aut
429 1497 549 1570 Persis
572 1497 784 1593 regebatur,
819 1510 930 1600 prout
950 1501 1104 1600 quisquc
1120 1495 1267 1595 superior

149 1659 153 1670 ·
262 1638 372 1698 esset.
399 1625 499 1694 lonia
524 1621 610 1694 hclli
635 1621 813 1698 theatrum
841 1629 1076 1722 factumest,
1107 1641 1144 1702 ct
1170 1624 1267 1701 couti·

261 1775 349 1824 nuas
376 1746 592 1849 reipublicae
619 1747 755 1824 formae
777 1755 991 1828 mutationes
1018 1781 1126 1852 passa
1151 1765 1217 1830 est.

364 1882 456 1956 Post
488 1877 758 1974 Atheniensium
787 1882 824 1952 in
855 1879 972 1954 Sicilia
1005 1882 1142 1958 cladem
1175 1885 1270 1977 lugu·

263 2013 364 2086 brem
405 2022 614 2110 acceptam,
644 2008 830 2110 Lysander
868 2027 901 2081 α’
928 2009 1110 2108 Spartanis
1153 2012 1273 2086 elassis

262 2143 336 2216 du
362 2154 521 2234 creatus,
553 2138 736 2236 Ephesum
763 2141 950 2238 profectus
977 2152 1043 2214 est.
1092 2139 1273 2239 Appulsns

263 2270 415 2372 maximo
437 2296 516 2342 eum
536 2268 668 2364 gaudio
679 2269 844 2366 Ephesiis
866 2281 1033 2370 receptus
1056 2281 1129 2365 est,
1154 2271 1216 2370 qui
1238 2279 1271 2338 nt

262 2411 385 2474 marat
410 2400 639 2494 Plutarchus,
673 2401 949 2488 conopoeum
967 2405 1270 2490 ἐκβαρβαρωθῆναι

264 2538 332 2600 τοῖς
350 2529 525 2614 Περσικοῖς
545 2534 634 2602 ἔθεσι
655 2533 715 2600 διὰ
736 2533 797 2600 eds
812 2533 981 2618 ἐπιμιξίας
1000 2535 1269 2620 παρακεχυμένης

262 2650 322 2716 καὶ
345 2654 417 2714 τῶν
436 2653 623 2733 βασιλικῶν
645 2657 849 2742 στραιήγων
871 2654 994 2724 adrosa
1013 2654 1059 2720 τὰ
1082 2656 1197 2722 πόλλα
1210 2658 1267 2720 δια-

264 2781 450 2866 τριβόντων
469 2793 511 2863 1).
562 2781 629 2854 Ille
650 2783 788 2856 navalia
811 2784 989 2877 condidit,
1012 2781 1181 2854 otiorum
1191 2805 1266 2854 mer·

264 2919 424 2984 catonum
450 2923 486 2984 et
513 2909 673 2984 officinas
698 2923 898 3009 emptorum
917 2912 1094 3008 implevit,
1122 2912 1216 2984 unde
1232 2906 1266 2979 ah

263 3037 328 3134 illo
354 3049 513 3136 tempore
536 3039 709 3136 primum,
746 3038 834 3112 urhs
869 3038 935 3112 hae
958 3041 1134 3142 Lysandri
1172 3061 1266 3139 opera

264 3187 364 3269 spem
378 3171 560 3267 sequentis
576 3168 709 3265 gloriae
739 3169 1086 3271 magnificentiaequc
1106 3169 1265 3270 concepit·

122 3293 125 3303 ¹
266 3300 323 3374 Oh
365 3301 668 3400 opportunitatem
709 3301 870 3376 locorum
912 3305 1156 3378 commercium
1201 3299 1264 3400 ejus

268 3429 424 3528 quotidie
438 3428 645 3526 augebatur,
672 3442 778 3534 atque
806 3433 1000 3532 emporium
1020 3435 1126 3507 Asiae
1142 3456 1264 3518 eornm,

268 3583 359 3660 quac
384 3571 468 3634 sunt
492 3562 585 3632 intra
613 3565 773 3635 Taunum
801 3565 988 3636 maximum
1014 3564 1106 3638 lacta
1131 3575 1186 3637 est
1204 3559 1241 3658 ²)-

266 3687 497 3706 ’Μ

295 3749 328 3824 ι)
350 3747 507 3816 Plutarch.
528 3753 592 3818 vn.
616 3752 757 3835 nysano.
779 3754 832 3816 111.
846 3754 883 3817 o.

292 3863 329 3934 a)
355 3861 467 3928 sarano
488 3865 576 3928 xlv.
603 3865 673 3928 eso.
698 3865 736 3927 o.
