2646 4494
647 359 700 374 ...
737 315 765 390 ⁸
800 357 851 376 ...
1291 213 1294 412 ι

216 533 265 599 'a
298 523 474 600 Strabone
511 521 770 622 Herodotoque
816 520 1004 618 dbmmus,
1051 519 1184 596 urbem
1231 421 1294 592 ιιι1

217 697 221 704 ·
241 655 371 756 Ephesi
395 652 572 727 vicinitate
592 653 668 755 jam
694 650 886 746 conditam,
913 662 950 725 ct
970 649 1164 726 acoribus
1193 653 1268 726 Le·
1292 621 1294 732 l

240 782 453 883 legibusque
466 782 661 858 habitatam
675 784 797 860 luisse.
844 785 1023 883 Tempore
1040 783 1151 876 enim,
1183 809 1294 970 quoq

239 913 443 989 Androclus
475 915 650 990 coloniam
677 913 842 1009 deduxit,
878 915 1010 1010 Cares,
1042 911 1272 1015 quibuscum

238 1043 331 1144 Lydi
357 1045 559 1147 conjuncti,
597 1043 679 1152 loca
709 1040 809 1118 urbis
842 1045 1050 1143 superiora,
1089 1071 1185 1146 quae
1216 1046 1271 1116 ad

241 1175 436 1248 Coressum
460 1183 617 1249 montem
650 1183 830 1272 spectant,
868 1172 1051 1255 tenebant.
1098 1173 1158 1250 Ab
1185 1175 1269 1250 illis

236 1306 389 1379 maxima
414 1305 644 1390 habitabatur
679 1305 784 1380 urbs:
817 1302 881 1382 sed
897 1305 1002 1379 etiam
1017 1303 1078 1380 alii
1105 1317 1266 1402 egente

237 1436 482 1533 Amazonum,
506 1447 615 1533 atquc
633 1438 775 1512 exsules
799 1432 851 1507 ibi
866 1433 1006 1535 asylum
1027 1448 1266 1536 quaerentes,

237 1533 492 1666 &emilianae
518 1561 692 1658 templum
716 1560 898 1636 habitasse
923 1564 1152 1666 fermtm1).
1204 1569 1268 1642 De

136 1785 144 1803 ⁶
235 1688 366 1762 incolis
390 1689 462 1760 illis
484 1688 652 1762 Asiaticis
675 1684 763 1792 nibil
790 1689 877 1760 certi
901 1703 1123 1790 compertum
1146 1696 1266 1770 babe-

236 1843 338 1916 mus,
379 1817 442 1892 seo
469 1817 658 1894 verenae
682 1816 843 1910 videtur,
880 1816 964 1892 {110⁸
986 1820 1140 1919 primun
1155 1796 1266 1900 em.

236 1948 339 2050 plum
372 1949 594 2044 aedificasse,
638 1959 674 2022 ct
698 1949 831 2022 Iliauae
855 1948 1145 2034 Multimammiae
1179 1956 1265 2026 oul-

236 2091 314 2155 tum
344 2080 537 2154 induxisse.
588 2077 684 2168 Satis
717 2088 844 2152 notum
876 2091 950 2176 est,
984 2083 1132 2157 Ilionam
1166 2079 1262 2156 dua·

236 2209 306 2284 bus
339 2207 465 2282 lormis
498 2205 547 2280 ab
568 2205 731 2304 Ephesiis
766 2206 899 2282 cultam
932 2209 1062 2308 luisse,
1102 2238 1263 2314 querum

236 2338 349 2413 altera
371 2339 487 2411 lliana
518 2335 683 2411 omnibus
713 2338 866 2414 Graecis¹
888 2342 1104 2435 eommunis,
1144 2342 1258 2418 altera
1292 2379 1293 2444 q

235 2469 394 2544 Asiatica
421 2479 457 2543 et
481 2465 642 2568 Ephesiis
667 2469 840 2567 propria·
878 2468 1077 2570 Utramque
1103 2459 1258 2547 formam

236 2599 274 2670 in
300 2600 453 2672 nummis
488 2602 642 2700 antiquis
674 2623 880 2697 expressam
909 2600 1118 2675 invenimus.
1169 2604 1256 2680 liic·
1292 2573 1293 2590 ἵ

238 2751 413 2829 ronpmus
448 2725 493 2800 de
523 2731 627 2804 Pauli
659 2729 810 2829 epistola
840 2728 1012 2830 loquens:
1039 2730 1257 2828 „Scribebat
1292 2763 1293 2816 l

237 2854 283 2958 „(
290 2854 452 2958 Paulus)
487 2855 533 2932 ad
565 2857 740 2958 Ephesios
773 2861 920 2962 Dianam
955 2860 1133 2957 colentes,
1179 2888 1255 2936 nou

237 2988 356 3085 „hano
388 2989 620 3084 venatricem,
659 3013 750 3088 quae
785 3013 907 3092 arcum
940 2999 1058 3085 tenet,
1099 3003 1136 3066 et
1172 3017 1253 3067 suc·

237 3120 378 3216 „cincta
405 3127 479 3213 est,
507 3117 571 3192 sed
595 3116 692 3192 illam
715 3117 1112 3216 Multimammiam,
1145 3148 1252 3223 quam

237 3249 392 3345 „Graeci
417 3250 638 3333 πολύμαστον
664 3223 814 3346 vocant,
858 3259 899 3324 ut
933 3249 1067 3324 scilicet
1099 3277 1144 3326 ex
1173 3255 1250 3354 ipsa

238 3405 415 3481 „quoque
447 3376 565 3474 effigie
598 3380 853 3474 mentirentur,
892 3381 1047 3455 omnium
1082 3407 1158 3458 eam
1186 3380 1247 3458 be·

236 3705 241 3711 “
264 3687 304 3770 1)
322 3686 458 3749 Pausao.
480 3689 552 3752 Vll.
574 3686 647 3754 289.
671 3694 694 3754 4
709 3721 751 3736 ·-
767 3688 797 3751 ⁷.
869 3689 985 3758 Strabo
1005 3693 1096 3760 XIV.
1123 3693 1189 3763 948
1207 3695 1240 3758 Β.

323 3787 446 3853 Aelian.
468 3787 555 3850 Vlll.
577 3793 607 3854 ὅ.
864 3806 867 3811 ·
